<?xml version="1.0" encoding="UTF-8"?><collection xmlns="http://www.loc.gov/MARC21/slim"><record><leader>00463nam--2200145-i-4500</leader><controlfield tag="001">000018665</controlfield><controlfield tag="002">20161230</controlfield><controlfield tag="005">20161230201032</controlfield><controlfield tag="008">060222s1000------------r-----000-0-eng-d</controlfield><datafield ind1=" " ind2=" " tag="080"><subfield code="a">530.1:539.12.01:530.145(042.4)</subfield></datafield><datafield ind1=" " ind2=" " tag="100"><subfield code="a">Fulton, T., Kallen, G./S.A.</subfield></datafield><datafield ind1=" " ind2=" " tag="245"><subfield code="a">Elementary particle physics and field theory</subfield></datafield><datafield ind1=" " ind2=" " tag="260"><subfield code="a">New York, W.A.Benjamin, Inc., 1963.Vii+532 P</subfield></datafield><datafield ind1=" " ind2=" " tag="490"><subfield code="a">Lectures In Theoretical Physics.Brandeis Summer Institute 1962</subfield></datafield><datafield ind1=" " ind2=" " tag="852"><subfield code="a">18633</subfield></datafield></record></collection>